<record xmlns:xsi="http://www.w3.org/2001/XMLSchema-instance" xmlns="http://www.loc.gov/MARC21/slim" xsi:schemaLocation="http://www.loc.gov/MARC21/slim http://www.loc.gov/standards/marcxml/schema/MARC21slim.xsd">

  <leader>00932nam a2200217Ia 4500</leader>
  <datafield tag="999" ind2=" " ind1=" ">
    <subfield code="c">1862</subfield>
    <subfield code="d">1862</subfield>
  </datafield>
  <controlfield tag="008">180514b1986    cr ||||| |||| 00| | spa d</controlfield>
  <datafield ind1=" " ind2=" " tag="090">
    <subfield code="a">06.03.07 </subfield>
    <subfield code="b">120</subfield>
  </datafield>
  <datafield ind2=" " tag="100" ind1="1">
    <subfield code="a">Pereira Pérez, Zulay</subfield>
    <subfield code="9">2902</subfield>
  </datafield>
  <datafield ind1="1" tag="245" ind2="0">
    <subfield code="a">Creatividad y aprendizaje operatorio de la matemática a nivel preescolar / Zulay Pereira Pérez</subfield>
  </datafield>
  <datafield ind1=" " tag="260" ind2=" ">
    <subfield code="a">San José, Costa Rica : </subfield>
    <subfield code="b">IIMEC, </subfield>
    <subfield code="c">1986</subfield>
  </datafield>
  <datafield ind1=" " ind2=" " tag="300">
    <subfield code="a">paginación irregular.</subfield>
  </datafield>
  <datafield ind1=" " tag="500" ind2=" ">
    <subfield code="a">Informe sobre el curso de extensión</subfield>
  </datafield>
  <datafield ind1=" " ind2=" " tag="520">
    <subfield code="a">El presente es un informe acerca de los resultados de la capacitación de cursos de extensión relativos a forjar la participación espontánea entre los asistentes. Se aplicaron pruebas piagetianas a 154 niños de preescolar y se aplicaron actividades de aprendizaje basadas en juegos matemáticos; luego se hizo un postest para evaluar la influencia de la experiencia en el desarrollo de los niños. La muestra permite observar que la mayoría de los niños observados se ubican en niveles de desarrollo estructural muy iniciales, lo que sugiere la necesidad de que el educador ajuste las situaciones de aprendizaje a las necesidades y características de los niños. Se notó a las zonas rurales asisten niños de menor edad que en las zonas urbanas, lo que incide también en que su nivel de desarrollo sea más inicial. Ninguno de los grupos de edad observados llegan a tener puntajes superiores al 50% en respuestas que denoten operatoriedad. El conocimiento de la evolución mental de preescolares es importante para el aprendizaje de nociones matemáticas básicas. Entre los niños a los que se les aplicaron juegos y sesiones de aprendizaje operatorio, hubo un aumento del porcentaje de los que se ubicaron en el estadio III, lo que indica que los niños costarricenses tienen un potencial mental que puede ser estimulado rápidamente si se les permite aprender en interacción con el medio físico y social. </subfield>
  </datafield>
  <datafield ind1="1" tag="650" ind2="4">
    <subfield code="a">APRENDIZAJE </subfield>
    <subfield code="9">387</subfield>
  </datafield>
  <datafield ind2="4" tag="650" ind1="1">
    <subfield code="a">CREATIVIDAD</subfield>
    <subfield code="9">861</subfield>
  </datafield>
  <datafield ind1="1" tag="650" ind2="4">
    <subfield code="a">MATEMÁTICAS  </subfield>
    <subfield code="9">482</subfield>
  </datafield>
  <datafield tag="650" ind2="4" ind1="1">
    <subfield code="a">EDUCACIÓN PREESCOLAR</subfield>
    <subfield code="9">455</subfield>
  </datafield>
  <datafield ind1="1" ind2="4" tag="650">
    <subfield code="a">TEORÍA DE LA EDUCACIÓN</subfield>
    <subfield code="9">661</subfield>
  </datafield>
  <datafield tag="942" ind2=" " ind1=" ">
    <subfield code="2">z</subfield>
    <subfield code="c">04</subfield>
  </datafield>
</record>